<record><leader>00000cas a22000007i 4500</leader><controlfield tag="001">862977549</controlfield><controlfield tag="006">m     o  d        </controlfield><controlfield tag="007">cr |n|000|||||</controlfield><controlfield tag="008">830404d19011912mtudn neo     0   a0eng  </controlfield><datafield ind1=" " ind2=" " tag="010"><subfield code="a">  2013272186</subfield></datafield><datafield ind1=" " ind2=" " tag="040"><subfield code="a">Nz</subfield><subfield code="b">eng</subfield><subfield code="e">rda</subfield><subfield code="c">Z5A</subfield><subfield code="d">DLC</subfield><subfield code="d">OCLCF</subfield></datafield><datafield ind1="0" ind2=" " tag="022"><subfield code="a">2332-7510</subfield><subfield code="2">1</subfield></datafield><datafield ind1="0" ind2=" " tag="029"><subfield code="a">NZ1</subfield><subfield code="b">15126739</subfield></datafield><datafield ind1=" " ind2=" " tag="042"><subfield code="a">msc</subfield><subfield code="a">nsdp</subfield></datafield><datafield ind1=" " ind2=" " tag="043"><subfield code="a">n-us-mt</subfield></datafield><datafield ind1="1" ind2="0" tag="050"><subfield code="a">ISSN RECORD</subfield></datafield><datafield ind1="0" ind2="0" tag="082"><subfield code="a">071</subfield><subfield code="2">23</subfield></datafield><datafield ind1="0" ind2=" " tag="130"><subfield code="a">Butte inter mountain (Online)</subfield></datafield><datafield ind1=" " ind2="4" tag="222"><subfield code="a">The Butte inter mountain</subfield><subfield code="b">(Online)</subfield></datafield><datafield ind1="0" ind2="4" tag="245"><subfield code="a">The Butte inter mountain.</subfield></datafield><datafield ind1="0" ind2="0" tag="246"><subfield code="a">Butte intermountain</subfield></datafield><datafield ind1=" " ind2="1" tag="264"><subfield code="a">Butte, Montona :</subfield><subfield code="b">Inter Mountain Publishing Co.,</subfield><subfield code="c">-1912.</subfield></datafield><datafield ind1=" " ind2=" " tag="300"><subfield code="a">1 online resource</subfield></datafield><datafield ind1=" " ind2=" " tag="310"><subfield code="a">Daily (except Sun.)</subfield></datafield><datafield ind1=" " ind2=" " tag="336"><subfield code="a">text</subfield><subfield code="b">txt</subfield><subfield code="2">rdacontent</subfield></datafield><datafield ind1=" " ind2=" " tag="337"><subfield code="a">computer</subfield><subfield code="b">c</subfield><subfield code="2">rdamedia</subfield></datafield><datafield ind1=" " ind2=" " tag="338"><subfield code="a">online resource</subfield><subfield code="b">cr</subfield><subfield code="2">rdacarrier</subfield></datafield><datafield ind1="1" ind2=" " tag="362"><subfield code="a">Began May 2, 1901; ceased -v. 29, no. 299 (Dec. 31, 1912).</subfield></datafield><datafield ind1=" " ind2=" " tag="500"><subfield code="a">"Republican." Cf. Ayer, 1912.</subfield></datafield><datafield ind1=" " ind2=" " tag="515"><subfield code="a">Suspended: Feb. 13-Mar. 27, 1907.</subfield></datafield><datafield ind1=" " ind2=" " tag="588"><subfield code="a">Description based on: Vol. XXI, no. 240 (January 2, 1902); title from masthead (Chroniclingamerica.loc.gov, viewed December 18, 2013).</subfield></datafield><datafield ind1=" " ind2=" " tag="588"><subfield code="a">Latest issue consulted: Vol. XXIII, no. 145 (December 31, 1903) (Chroniclingamerica.loc.gov, viewed December 18, 2013).</subfield></datafield><datafield ind1=" " ind2="0" tag="651"><subfield code="a">Butte (Mont.)</subfield><subfield code="v">Newspapers.</subfield></datafield><datafield ind1=" " ind2="7" tag="655"><subfield code="a">Newspapers.</subfield><subfield code="2">fast</subfield><subfield code="0">(OCoLC)fst01423814</subfield></datafield><datafield ind1=" " ind2="7" tag="651"><subfield code="a">Montana</subfield><subfield code="z">Butte.</subfield><subfield code="2">fast</subfield><subfield code="0">(OCoLC)fst01213861</subfield></datafield><datafield ind1=" " ind2=" " tag="752"><subfield code="a">United States</subfield><subfield code="b">Montana</subfield><subfield code="c">Silver Bow</subfield><subfield code="d">Butte.</subfield></datafield><datafield ind1="0" ind2="8" tag="776"><subfield code="i">Originally issued in print:</subfield><subfield code="t">Butte inter mountain</subfield><subfield code="x">2332-7502</subfield><subfield code="w">(DLC)sn 83025294</subfield><subfield code="w">(OCoLC)9373008</subfield></datafield><datafield ind1="0" ind2="0" tag="780"><subfield code="t">Daily inter mountain (Online)</subfield></datafield><datafield ind1="0" ind2="0" tag="785"><subfield code="t">Butte daily post (Online)</subfield></datafield><datafield ind1="4" ind2="0" tag="856"><subfield code="u">http://www.loc.gov/chroniclingamerica/lccn/sn83025294/issues</subfield></datafield></record>